<record><leader>00000cas a2200000 a 4500</leader><controlfield tag="001">27184791</controlfield><controlfield tag="008">921230d19231927wyuwr ne      0    0eng c</controlfield><datafield ind1=" " ind2=" " tag="010"><subfield code="a">sn 92067237 </subfield></datafield><datafield ind1=" " ind2=" " tag="040"><subfield code="a">NVO</subfield><subfield code="b">eng</subfield><subfield code="c">NVO</subfield><subfield code="d">OCLCQ</subfield><subfield code="d">DLC</subfield><subfield code="d">OCLCQ</subfield><subfield code="d">OCLCF</subfield><subfield code="d">OCLCO</subfield></datafield><datafield ind1="1" ind2=" " tag="029"><subfield code="a">AU@</subfield><subfield code="b">000025541485</subfield></datafield><datafield ind1=" " ind2=" " tag="042"><subfield code="a">pcc</subfield></datafield><datafield ind1=" " ind2=" " tag="043"><subfield code="a">n-us-wy</subfield></datafield><datafield ind1="0" ind2=" " tag="130"><subfield code="a">Wyoming reporter (Rawlins, Wyo. : 1923)</subfield></datafield><datafield ind1="1" ind2="0" tag="245"><subfield code="a">Wyoming reporter.</subfield></datafield><datafield ind1=" " ind2=" " tag="260"><subfield code="a">Rawlins, Wyo. :</subfield><subfield code="b">G.A. Deaton</subfield></datafield><datafield ind1=" " ind2=" " tag="300"><subfield code="a">v.</subfield></datafield><datafield ind1=" " ind2=" " tag="310"><subfield code="a">Weekly</subfield></datafield><datafield ind1="0" ind2=" " tag="362"><subfield code="a">Vol. 1, no. 1 (Mar. 27, 1923)-v. 4, no. 45 (Jan. 25, 1927).</subfield></datafield><datafield ind1=" " ind2=" " tag="580"><subfield code="a">Absorbed by: The Rawlins Republican, Feb. 1, 1927.</subfield></datafield><datafield ind1=" " ind2="0" tag="651"><subfield code="a">Rawlins (Wyo.)</subfield><subfield code="v">Newspapers.</subfield></datafield><datafield ind1=" " ind2="0" tag="651"><subfield code="a">Carbon County (Wyo.)</subfield><subfield code="v">Newspapers.</subfield></datafield><datafield ind1=" " ind2="7" tag="655"><subfield code="a">Newspapers.</subfield><subfield code="2">fast</subfield><subfield code="0">(OCoLC)fst01423814</subfield></datafield><datafield ind1=" " ind2="7" tag="651"><subfield code="a">Wyoming</subfield><subfield code="z">Carbon County.</subfield><subfield code="2">fast</subfield><subfield code="0">(OCoLC)fst01207155</subfield></datafield><datafield ind1=" " ind2="7" tag="651"><subfield code="a">Wyoming</subfield><subfield code="z">Rawlins.</subfield><subfield code="2">fast</subfield><subfield code="0">(OCoLC)fst01217498</subfield></datafield><datafield ind1=" " ind2=" " tag="752"><subfield code="a">United States</subfield><subfield code="b">Wyoming</subfield><subfield code="c">Carbon</subfield><subfield code="d">Rawlins.</subfield></datafield><datafield ind1="1" ind2="4" tag="785"><subfield code="t">Rawlins Republican (Rawlins, Wyo. : 1901)</subfield><subfield code="w">(DLC)sn 92067236</subfield></datafield></record>